Account Name       :                	Mr. VINAYAK RAO  HARNOOR					
Address            :	"H NO # 36, JOURNALIST'S COLONY"					
                                    	"ROAD NO # 3, BANJARA HILLS"					
                                    	HYDERABAD-500034					
                                    	Hyderabad					
Date               :                	6-Mar-25					
Account Number     :	_00000062071664763					
Account Description:	BR- SMART HOME- II					
Branch             :	P AND SB BANJARA HILLS HYDERABAD					
Balance on 1 Jan 2024        :	"-18,23,532.92"					
Start Date          :	1-Jan-24					
End Date            :	31-Dec-24					
Txn Date	Value Date	Description	Ref No./Cheque No.	        Debit	Credit	Balance
31-Dec-24	31-Dec-24	PART PERIOD INTER---	-	"12,208.00"	 	"-12,96,396.92"
10-Dec-24	10-Dec-24	O.S. DEPOSIT TRAN-TRANSFER FROM                                                                                       TRANSFER FROM 62049823904                         Mr. VINAYAK RAO  HARN--	-	 	"57,300.00"	"-12,84,188.92"
30-Nov-24	30-Nov-24	PART PERIOD INTER---	-	"12,310.00"	 	"-13,41,488.92"
28-Nov-24	28-Nov-24	DEPOSIT TRANSFER-INB Payment towards loan repayment                                         IID2617552               TRANSFER FROM 62049823904                         Mr. VINAYAK RAO  HARN--	-	 	"10,000.00"	"-13,29,178.92"
10-Nov-24	10-Nov-24	O.S. DEPOSIT TRAN-TRANSFER FROM                                                                                       TRANSFER FROM 62049823904                         Mr. VINAYAK RAO  HARN--	-	 	"57,300.00"	"-13,39,178.92"
31-Oct-24	31-Oct-24	PART PERIOD INTER---	-	"13,139.00"	 	"-13,96,478.92"
10-Oct-24	10-Oct-24	O.S. DEPOSIT TRAN-TRANSFER FROM                                                                                       TRANSFER FROM 62049823904                         Mr. VINAYAK RAO  HARN--	-	 	"57,300.00"	"-13,83,339.92"
30-Sep-24	30-Sep-24	PART PERIOD INTER---	-	"13,121.00"	 	"-14,40,639.92"
10-Sep-24	10-Sep-24	O.S. DEPOSIT TRAN-TRANSFER FROM                                                                                       TRANSFER FROM 62049823904                         Mr. VINAYAK RAO  HARN--	-	 	"57,300.00"	"-14,27,518.92"
31-Aug-24	31-Aug-24	PART PERIOD INTER---	-	"13,960.00"	 	"-14,84,818.92"
10-Aug-24	10-Aug-24	O.S. DEPOSIT TRAN-TRANSFER FROM                                                                                       TRANSFER FROM 62049823904                         Mr. VINAYAK RAO  HARN--	-	 	"57,300.00"	"-14,70,858.92"
31-Jul-24	31-Jul-24	PART PERIOD INTER---	-	"14,363.00"	 	"-15,28,158.92"
10-Jul-24	10-Jul-24	O.S. DEPOSIT TRAN-TRANSFER FROM                                                                                       TRANSFER FROM 62049823904                         Mr. VINAYAK RAO  HARN--	-	 	"57,300.00"	"-15,13,795.92"
30-Jun-24	30-Jun-24	PART PERIOD INTER---	-	"14,204.00"	 	"-15,71,095.92"
10-Jun-24	10-Jun-24	O.S. DEPOSIT TRAN-TRANSFER FROM                                                                                       TRANSFER FROM 62049823904                         Mr. VINAYAK RAO  HARN--	-	 	"57,300.00"	"-15,56,891.92"
31-May-24	31-May-24	PART PERIOD INTER---	-	"14,959.00"	 	"-16,14,191.92"
10-May-24	10-May-24	O.S. DEPOSIT TRAN-TRANSFER FROM                                                                                       TRANSFER FROM 62049823904                         Mr. VINAYAK RAO  HARN--	-	 	"57,300.00"	"-15,99,232.92"
30-Apr-24	30-Apr-24	PART PERIOD INTER---	-	"14,861.00"	 	"-16,56,532.92"
10-Apr-24	10-Apr-24	O.S. DEPOSIT TRAN-TRANSFER FROM                                                                                       TRANSFER FROM 62049823904                         Mr. VINAYAK RAO  HARN--	-	 	"57,300.00"	"-16,41,671.92"
31-Mar-24	31-Mar-24	PART PERIOD INTER---	-	"15,737.00"	 	"-16,98,971.92"
10-Mar-24	10-Mar-24	O.S. DEPOSIT TRAN-TRANSFER FROM                                                                                       TRANSFER FROM 62049823904                         Mr. VINAYAK RAO  HARN--	-	 	"57,300.00"	"-16,83,234.92"
29-Feb-24	29-Feb-24	PART PERIOD INTER---	-	"15,097.00"	 	"-17,40,534.92"
10-Feb-24	10-Feb-24	O.S. DEPOSIT TRAN-TRANSFER FROM                                                                                       TRANSFER FROM 62049823904                         Mr. VINAYAK RAO  HARN--	-	 	"57,300.00"	"-17,25,437.92"
31-Jan-24	31-Jan-24	PART PERIOD INTER---	-	"16,505.00"	 	"-17,82,737.92"
10-Jan-24	10-Jan-24	O.S. DEPOSIT TRAN-TRANSFER FROM                                                                                       TRANSFER FROM 62049823904                         Mr. VINAYAK RAO  HARN--	-	 	"57,300.00"	"-17,66,232.92"
				"170,464.00"		
**This is a computer generated statement and does not require a signature						